%
% Journals names (abbreviated)
%
@string{arfm = "Ann. Rev. Fluid Mech."}
@string{bams = "Bull. Am. Met. Soc."}
@string{dao = "Dyn. Atmos. Oceans"}
@string{dsr = "Deep-Sea Res."}
@string{jam = "J. Applied Met."}
@string{jaot = "J. Atmos. and Ocean. Tech."}
@string{jas = "J. Atmos. Sci."}
@string{jasa = "J. Acoust. Soc. Am."}
@string{jclim = "J. Clim."}
@string{jfm = "J. Fluid Mech."}
@string{jgr = "J. Geophys. Res."}
@string{jmr = "J. Mar. Res."}
@string{jmsj = "J. Met. Soc. Japan"}
@string{jpamg = "J. Phys. A. Math. Gen."}
@string{jpo = "J. Phys. Ocean."}
@string{mwr = "Mon. Wea. Rev."}
@string{mtsj = "Mar. Tech. Soc. J."}
@string{philtran = "Phil. Trans. Roy. Soc. London"}
@string{pf = "Phys. Fluids"}
@string{pfa = "Phys. Fluids A"}
@string{prl = "Phys. Rev. Lett."}
@string{pre = "Phys. Rev. E"}
@string{prsl = "Proc. Roy. Soc. London"}
@string{quart = "Quart. J. Roy. Meteorol. Soc."}


%
% Journal Articles
%

@Article{Charney1962,
  author =       {J. G. Charney and M. E. Stern},
  title =        {On the Stability of Internal Baroclinic Jets in a
                  Rotating Atmosphere},
  journal =      jas,
  year =         1962,   
  volume =       19,
  pages =        {159-172}   
}

%
% Books
%

@Book{Riehl,
  author =       {Herbert Riehl},
  title =        {Tropical Meteorology},
  publisher =    {MacGraw-Hill Book Company, Inc.},
  year =         1954,
  address =      {New York}
}

@Book{Salmon,
  author =       {Rick Salmon},
  title =        {Lectures On Geophysical Fluid Dynamics},
  publisher =    {Oxford University Press},
  year =         1998,
  address =      {New York}
}

@Book{Pedlosky,
  author =	 {J. Pedlosky},
  title = 	 {Geophysical Fluid Dynamics},
  publisher = 	 {Springer Verlag},
  year = 	 1987,
  address =	 {New York},
  edition =	 {Second}
}