%
% Journals names (abbreviated)
%
@string{arfm = "Ann. Rev. Fluid Mech."}
@string{bams = "Bull. Am. Met. Soc."}
@string{dao = "Dyn. Atmos. Oceans"}
@string{dsr = "Deep-Sea Res."}
@string{jam = "J. Applied Met."}
@string{jaot = "J. Atmos. and Ocean. Tech."}
@string{jas = "J. Atmos. Sci."}
@string{jasa = "J. Acoust. Soc. Am."}
@string{jclim = "J. Clim."}
@string{jfm = "J. Fluid Mech."}
@string{jgr = "J. Geophys. Res."}
@string{jmr = "J. Mar. Res."}
@string{jmsj = "J. Met. Soc. Japan"}
@string{jpamg = "J. Phys. A. Math. Gen."}
@string{jpo = "J. Phys. Ocean."}
@string{mwr = "Mon. Wea. Rev."}
@string{mtsj = "Mar. Tech. Soc. J."}
@string{philtran = "Phil. Trans. Roy. Soc. London"}
@string{pf = "Phys. Fluids"}
@string{pfa = "Phys. Fluids A"}
@string{prl = "Phys. Rev. Lett."}
@string{pre = "Phys. Rev. E"}
@string{prsl = "Proc. Roy. Soc. London"}
@string{quart = "Quart. J. Roy. Meteorol. Soc."}


%
% Journal Articles
%

@Article{Kantha1998,
  author =       {L. H. Kantha},
  title =        {Tides---A modern perspective},
  journal =      {Marine Geodesy},
  year =         1998,   
  volume =       21,
  pages =        {275--297}   
}

@Article{Veronis1973,
  author =       {G. Veronis},
  title =        {Large scale ocean circulation},
  journal =      {Advances in Applied Mathematics},
  year =         1973,   
  volume =       13,
  pages =        {1--92}   
}

% Check pages, I don't think it's accurate
@Article{Wells1963,
  author =       {J. W. Wells},
  title =        {Coral growth and geochronometry},
  journal =      {Nature},
  year =         1963,
  volume =       197,
  pages =        {448--50}   
}

@Article{Barnes1972,
  author =       {D. J. Barnes},
  title =        {The structure and formation of growth-ridges in scleractinian coral skeletons},
  journal =      prsl,
  year =         1973,   
  volume =       13,
  pages =        {1--92}   
}


%
% Articles in Books
%

@inbook{Brosche1977,
  author =       {P. Brosche and J. S\"undermann},
  title =        {Effect of oceanic tides on the rotation of the Earth},
  booktitle =    {Scientific Applications of Lunar Laser Ranging},
  editor =       {J. D. Mullholland},
  publisher =    {D. Reidel},
  year = 	     1977,
  address =	     {Dordrecht},
  pages =        {133--141}   
}

%
% Books
%

@Book{Lambeck,
  author =	  {K. Lambeck},
  title = 	  {The Earth's Variable Rotation},
  publisher = {Cambridge University Press},
  year = 	  1980,
  address =	  {Cambridge},
}

% Fix the Location
@Book{PedloskyWaves,
  author =	  {J. Pedlosky},
  title = 	  {Waves in the Ocean and Atmosphere: Introduction to Wave Dynamics},
  publisher = {Springer-Verlag},
  year = 	  2003,
  address =	  {New York},
}