%
% Journals names (abbreviated)
%
@string{arfm = "Ann. Rev. Fluid Mech."}
@string{bams = "Bull. Am. Met. Soc."}
@string{dao = "Dyn. Atmos. Oceans"}
@string{dsr = "Deep-Sea Res."}
@string{jam = "J. Applied Met."}
@string{jaot = "J. Atmos. and Ocean. Tech."}
@string{jas = "J. Atmos. Sci."}
@string{jasa = "J. Acoust. Soc. Am."}
@string{jclim = "J. Clim."}
@string{jfm = "J. Fluid Mech."}
@string{jgr = "J. Geophys. Res."}
@string{jmr = "J. Mar. Res."}
@string{jmsj = "J. Met. Soc. Japan"}
@string{jpamg = "J. Phys. A. Math. Gen."}
@string{jpo = "J. Phys. Ocean."}
@string{mwr = "Mon. Wea. Rev."}
@string{mtsj = "Mar. Tech. Soc. J."}
@string{philtran = "Phil. Trans. Roy. Soc. London"}
@string{pf = "Phys. Fluids"}
@string{pfa = "Phys. Fluids A"}
@string{prl = "Phys. Rev. Lett."}
@string{pre = "Phys. Rev. E"}
@string{prsl = "Proc. Roy. Soc. London"}
@string{quart = "Quart. J. Roy. Meteorol. Soc."}

%
% Journal Articles
%

@Article{Garrett2004,
  author =       {C. Garrett and P.F. Cummins},
  title =        {Generating tidal power from currents},
  journal =      { Journal of Waterway, Port, Coastal and Ocean Engineering},
  year =         1998,   
  volume =       130,
  pages =        {114--118}   
}

%
% Articles in Books
%

@inbook{Brosche1977,
  author =       {P. Brosche and J. S\"undermann},
  title =        {Effect of oceanic tides on the rotation of the Earth},
  booktitle =    {Scientific Applications of Lunar Laser Ranging},
  editor =       {J. D. Mullholland},
  publisher =    {D. Reidel},
  year = 	     1977,
  address =	     {Dordrecht},
  pages =        {133--141}   
}

%
% Books
%

@Book{Clare1992,
  author =	  {R. Clare},
  title = 	  {Tidal power: trends and developments},
  publisher = {Thomas Telford},
  year = 	  1992,
  address =	  {London},
}
