@String{JAS = "J. Atmos. Sci."}
@String{QJRMS = "Quart. J. Roy. Meteor. Soc."}

@article{Card+:1982,
 author  = {P. A. Card and A. Barcilon},
 title   = {The \protect{Charney} Stability Problem With a Lower \protect{Ekman} Layer},
 journal = JAS,
 year    = {1982},
 volume  = {39},
 pages   = {2128--2137}
}

@article{Case:1960,
 author  = {K. M. Case},
 title   = {Stability of Inviscid Plane \protect{Couette} Flow},
 journal = {Phys. Fluids},
 year    = {1960},
 volume  = {3},
 pages   = {143--148}
}

@article{Charney:1947,
 author  = {Jule Charney},
 title   = {The Dynamics of Long Waves in a Baroclinic Westerly Current},
 journal = {J. Meteor.},
 year    = {1947},
 volume  = {4},
 pages   = {125--162}
}

@article{Eady:1949,
 author  = {Eric T. Eady},
 title   = {Long Waves and Cyclone Waves},
 journal = {Tellus},
 year    = {1949},
 volume  = {1},
 pages   = {33--52}
}

@article{Farrell:1982,
 author  = {Brian Farrell},
 title   = {The Initial Growth of Disturbances in a Baroclinic Flow},
 journal = JAS,
 year    = {1982},
 volume  = {39},
 pages   = {1663--1686}
}

@article{Farrell:1984,
 author  = {Brian Farrell},
 title   = {Modal and Non-Modal Baroclinic Waves},
 journal = JAS,
 year    = {1984},
 volume  = {41},
 pages   = {668--673}
}

@article{Farrell:1985,
 author  = {Brian Farrell},
 title   = {Transient Growth of Damped Baroclinic Waves},
 journal = JAS,
 year    = {1985},
 volume  = {42},
 pages   = {2718--2727}
}

@article{Farrell:1989,
 author  = {Brian Farrell},
 title   = {Unstable Baroclinic Modes Damped by Ekman Dissipation},
 journal = JAS,
 year    = {1989},
 volume  = {46},
 pages   = {397--401}
}

@article{Farrell:1989:Optimization,
 author  = {Brian Farrell},
 title   = {Optimal Excitation of Baroclinic Waves},
 journal = JAS,
 year    = {1989},
 volume  = {46},
 pages   = {1193--1206}
}

@article{Farrell+:1996:Stability1,
 author  = {Brian Farrell and P. J. Ioannou},
 title   = {Generalized Stability Theory. \protect{Part I:} Autonomous Operators},
 journal = JAS,
 year    = {1996},
 volume  = {53},
 pages   = {2025--2040}
}

@article{Farrell+:1996:Stability2,
 author  = {Brian Farrell and P. J. Ioannou},
 title   = {Generalized Stability Theory. \protect{Part II:} Nonautonomous Operators},
 journal = JAS,
 year    = {1996},
 volume  = {53},
 pages   = {2041--2053}
}

@article{Hakim:2000,
 author  = {Gregory J. Hakim},
 title   = {Role of Nonmodal and Nonlinearity in Cyclogenesis Initial-Value Problems},
 journal = JAS,
 year    = {2000},
 volume  = {57},
 pages   = {2951--2967}
}

@article{Lin+:1988,
 author  = {S.-J. Lin and R. T. Pierrehumbert},
 title   = {Does Ekman Friction Suppress Baroclinic Instability?},
 journal = JAS,
 year    = {1988},
 volume  = {45},
 pages   = {2920--2933}
}

@article{Lindzen+:1982,
 author  = {Richard S. Lindzen and Brian Farrell and D. Jacqmin},
 title   = {Vacillations due to Wave Interference: Applications to the Atmosphere and to Annulus Experiments},
 journal = JAS,
 year    = {1982},
 volume  = {39},
 pages   = {14--23}
}

@article{Orr:1907,
 author  = {W. McF. Orr},
 title   = {Stability or instability of the steady motions of a perfect liquid},
 journal = {Proc. Roy. Irish Acad.},
 year    = {1907},
 volume  = {27},
 pages   = {9--69}
}

@article{Pedlosky:1964,
 author  = {Joseph Pedlosky},
 title   = {An Initial-Value Problem in the Theory of Baroclinic Instability},
 journal = {Tellus},
 year    = {1964},
 volume  = {16},
 pages   = {12--17}
}

@article{Petterssen+:1971,
 author  = {S. Petterssen and S. J. Smebye},
 title   = {On the Development of Extratropical Cyclones},
 journal = QJRMS,
 year    = {1971},
 volume  = {97},
 pages   = {457--482}
}

@article{Rotunno+:1989,
 author  = {Richard Rotunno and Maurizio Fantini},
 title   = {Petterssen's \protect{``Type B''} Cyclogenesis in Terms of Discrete, Neutral Eady Modes},
 journal = JAS,
 year    = {1989},
 volume  = {46},
 pages   = {3599--3604}
} 

@article{Valdes+:1988,
 author  = {Paul J. Valdes and Brian J. Hoskins},
 title   = {Baroclinic Instability of the Zonally Averaged Flow with Boundary Layer Damping},
 journal = JAS,
 year    = {1988},
 volume  = {45},
 pages   = {1584--1593}
}

@book{Gill:1982,
 author    = {Adrian Gill},
 title     = {Atmosphere-Ocean Dynamics},
 publisher = {Academic Press},
 year      = {1982},
 pages     = {662 pp.}
}

@book{LePage:1961,
 author    = {Wilbur R. LePage},
 title     = {Complex Variables and the Laplace Transform for Engineers},
 publisher = {Dover},
 year      = {1961},
 pages     = {483 pp.}
}

@book{Pedlosky:1987,
 author    = {Joseph Pedlosky},
 title     = {Geophysical Fluid Dynamics},
 publisher = {Springer-Verlag},
 year      = {1987},
 pages     = {624 pp}
}