@String{JAS = "J. Atmos. Sci."}
@String{QJRMS = "Quart. J. Roy. Meteor. Soc."}

@article{Hakim+:2001,
 author  = {Gregory J. Hakim and Daniel Keyser},
 title   = {Canonical Frontal Circulation Patterns in Terms of \protect{Green's} Functions for the \protect{Sawyer-Eliassen} Equation},
 journal = QJRMS,
 year    = {2001},
 volume  = {127},
 pages   = {1795--1814}
}

@article{Hoskins:1982,
 author  = {Brian J. Hoskins},
 title   = {The Mathematical Theory of Frontogenesis},
 journal = {Ann. Rev. Fluid Mech.},
 year    = {1982},
 volume  = {14},
 pages   = {131--151}
}