@String{JAS = "J. Atmos. Sci."}
@String{QJRMS = "Quart. J. Roy. Meteor. Soc."}
@String{JPO = "J. Phys. Oceanogr."}
@String{JGR = "J. Geophys. Res."}
@String{GRL = "Geophys. Res. Lett."}

@article{Chelton++:2000,
 author  = {Dudley B. Chelton and Frank J. Wentz and Chelle L. Gentemann and Roland A. \protect{de} Szoeke and Michael G. Schlax},
 title   = {Satellite microwave \protect{SST} observations of transequatorial Tropical Instability Waves},
 journal = GRL,
 year    = {2000},
 volume  = {27},
 pages   = {1239--1242}
}

@article{Cox:1980,
 author  = {M. Cox},
 title   = {Generation and propagation of 30-day waves in a numerical model of the \protect{Pacific}},
 journal = JPO,
 year    = {1980},
 volume  = {10},
 pages   = {1168--1186}
}

@article{Hansen-Paul:1984,
 author  = {D. V. Hansen and C. A. Paul},
 title   = {Genesis and effects of long waves in the equatorial \protect{Pacific}},
 journal = JGR,
 year    = {1984},
 volume  = {89},
 pages   = {10431--10440}
}

@article{Legeckis:1977,
 author  = {Richard Legeckis},
 title   = {Long waves in the eastern equatorial \protect{Pacific Ocean}: \protect{A} view from a geostationary satellite},
 journal = {Science},
 year    = {1977},
 volume  = {197},
 pages   = {1179--1181}
}

@article{Legeckis-Reverdin:1987,
 author  = {Richard Legeckis and G. Reverdin},
 title   = {Long waves in the equatorial \protect{Atlantic Ocean} during 1983},
 journal = JGR,
 year    = {1987},
 volume  = {92},
 pages   = {2835--2842}
}

@article{Masina-Philander-Bush:1999,
 author  = {S. Masina and S. G. H. Philander and A. B. G. Bush},
 title   = {An analysis of tropical instability waves in a numerical model of the \protect{Pacific Ocean}},
 journal = JGR,
 year    = {1999},
 volume  = {104},
 pages   = {29637--29661}
}

@incollection{McCreary-Yu:1992,
 author    = {J. P. \protect{McCreary} and Z. Yu},
 title     = {Equatorial dynamics in a 2$\tfrac{1}{2}$-layer model},
 booktitle = {Progress in Oceanography},
 publisher = {Pergamon},
 year      = {1992},
 volume    = {29},
 pages     = {61--132},
}

@article{Philander:1976,
 author  = {S. G. H. Philander},
 title   = {Instabilities of zonal equatorial currents},
 journal = JGR,
 year    = {1976},
 volume  = {81},
 pages   = {3725--3735}
}

@article{Philander:1978,
 author  = {S. G. H. Philander},
 title   = {Instabilities of zonal equatorial currents, 2},
 journal = JGR,
 year    = {1978},
 volume  = {83},
 pages   = {3679--3682}
}

@article{Proehl:1996,
 author  = {Jeffrey A. Proehl},
 title   = {Linear stability of equatorial zonal flows},
 journal = JPO,
 year    = {1996},
 volume  = {26},
 pages   = {601--621}
}

@article{Qiao-Weisberg:1998,
 author  = {L. Qiao and Robert H. Weisberg},
 title   = {Tropical instability wave energetics: observations from the tropical instability wave experiment},
 journal = JPO,
 year    = {1998},
 volume  = {28},
 pages   = {345--360}
}

@article{Wallace-Mitchell-Deser:1989,
 author  = {J. M. Wallace and T. P. Mitchell and C. Deser},
 title   = {The influence of sea-surface temperature on surface wind in the eastern equatorial \protect{Pacific}: \protect{Seasonal} and interannual variability},
 journal = {J. Climate},
 year    = {1989},
 volume  = {2},
 pages   = {1492--1499}
}

@article{Yu-McCreary-Proehl:1995,
 author  = {Z. Yu and J. P. \protect{McCreary} and J. A. Proehl},
 title   = {Meridional asymmetry and energetics of tropical instability waves},
 journal = JPO,
 year    = {1995},
 volume  = {25},
 pages   = {2997-3007}
}